% This file was created with JabRef 2.3.
% Encoding: Cp1252

@TECHREPORT{,
  author = {{Patricia Derler, Thomas Huining Feng, Edward A. Lee, Slobodan Matic,
	Hiren D. Patel, Yang Zhao, Jia Zou}},
  title = {PTIDES: A Programming Model for Distributed Real-Time Embedded Systems},
  institution = {University of California, Berkeley},
  year = {2008},
  number = {UCB/EECS-2008-72},
  owner = {sshaye},
  timestamp = {2008.11.10},
  url = {http://www.eecs.berkeley.edu/Pubs/TechRpts/2008/EECS-2008-72.html}
}

